@Article{TentativeBidding,
	author="Aknine, Samir
	and Pinson, Suzanne
	and Shakun, Melvin F.",
	title="An Extended Multi-Agent Negotiation Protocol",
	journal="Autonomous Agents and Multi-Agent Systems",
	year="2004",
	volume="8",
	number="1",
	pages="5--45",
	abstract="This article presents a task allocation protocol that is efficient in time and tolerates crash failures in multi-agent systems. The protocol is an extension of the negotiation protocol defined by Smith and Davis [25, 26] for task allocation. Our extension of the Contract Net Protocol (1) enables an agent to manage several negotiation processes in parallel; (2) optimizes the length of the negotiation processes among agents; (3) reduces the contractors' decommitment situations; (4) enables the detection of failures of an agent participating in a negotiation process and prevents a negotiation process with blocked agents.",
	issn="1573-7454",
	doi="10.1023/B:AGNT.0000009409.19387.f8",
	url="http://dx.doi.org/10.1023/B:AGNT.0000009409.19387.f8"
}%http://download.springer.com/static/pdf/58/art%253A10.1023%252FB%253AAGNT.0000009409.19387.f8.pdf?originUrl=http%3A%2F%2Flink.springer.com%2Farticle%2F10.1023%2FB%3AAGNT.0000009409.19387.f8&token2=exp=1463910141~acl=%2Fstatic%2Fpdf%2F58%2Fart%25253A10.1023%25252FB%25253AAGNT.0000009409.19387.f8.pdf%3ForiginUrl%3Dhttp%253A%252F%252Flink.springer.com%252Farticle%252F10.1023%252FB%253AAGNT.0000009409.19387.f8*~hmac=ce9ce640b49435b10a58f07f0fb1c889d436cde447d39b97484cd6585761b11c

@article{LeveledCommitment,
 author = {Sandholm, Tuomas and Lesser, Victor},
 title = {Leveled-commitment Contracting: A Backtracking Instrument for Multiagent Systems},
 journal = {AI Mag.},
 issue_date = {Fall 2002},
 volume = {23},
 number = {3},
 month = sep,
 year = {2002},
 issn = {0738-4602},
 pages = {89--100},
 numpages = {12},
 url = {http://dl.acm.org/citation.cfm?id=765580.765589},
 acmid = {765589},
 publisher = {American Association for Artificial Intelligence},
 address = {Menlo Park, CA, USA},
} % https://www.researchgate.net/publication/220605413_Leveled-Commitment_Contracting_A_Backtracking_Instrument_for_Multiagent_Systems

@INPROCEEDINGS{DynCNET, 
author={D. Weyns and N. Boucke and T. Holvoet and B. Demarsin}, 
booktitle={First International Conference on Self-Adaptive and Self-Organizing Systems (SASO 2007)}, 
title={Dyn{CNET}: A Protocol for Dynamic Task Assignment in Multiagent Systems}, 
year={2007}, 
pages={281-284}, 
keywords={multi-agent systems;protocols;DynCNET;complex coordination problem;contract net;dynamic task assignment;industrial automated transportation system;multiagent systems;protocol;Computer industry;Contracts;Control systems;Delay;Multiagent systems;Protocols;Switches;System testing;Transportation;Vehicle dynamics}, 
doi={10.1109/SASO.2007.20}, 
ISSN={1949-3673}, 
month={July},} %https://www.semanticscholar.org/paper/DynCNET-A-Protocol-for-Dynamic-Task-Assignment-in-Weyns-Bouck%C3%A9/2ce37054c65074d3548b4f7f14706456d7b45145/pdf

@ARTICLE{CNET, 
author={R. G. Smith}, 
journal={IEEE Transactions on Computers}, 
title={The Contract Net Protocol: High-Level Communication and Control in a Distributed Problem Solver}, 
year={1980}, 
volume={C-29}, 
number={12}, 
pages={1104-1113}, 
keywords={Artificial Intelligence (AI);connection;cooperation;distributed problem solving;focus;high-level protocols;negotiation;resource allocation;task-sharing;Communication system control;Communication system traffic control;Contracts;Distributed control;Memory;Problem-solving;Production;Protocols;Resource management;Telecommunication network reliability;Artificial Intelligence (AI);connection;cooperation;distributed problem solving;focus;high-level protocols;negotiation;resource allocation;task-sharing}, 
doi={10.1109/TC.1980.1675516}, 
ISSN={0018-9340}, 
month={Dec},}%http://www2.cs.siu.edu/~hexmoor/classes/CS539-F10/Smith.pdf

@INPROCEEDINGS{CNCP,
    author = {Tore Knabe and Michael Schillo and Klaus Fischer},
    title = {Improvements to the FIPA Contract Net Protocol for Performance Increase and Cascading Applications},
    booktitle = {In International Workshop for Multi-Agent Interoperability at the German Conference on AI (KI-2002},
    year = {2002}
}%http://citeseerx.ist.psu.edu/viewdoc/download?doi=10.1.1.19.9772&rep=rep1&type=pdf

@Manual{CNETStandard,
  title = {{FIPA} Contract Net Interaction Protocol Specification},
  author = {FIPA TC Communication},
  googleid = {PWXLC0DlRx8J:scholar.google.com/},
  organization = {{Foundation for Intelligent Physical Agents}},
  year = 2001,
  keywords = {fipa, manual},
  url = {http://www.fipa.org/specs/fipa00029/},
  cluster = {2254022201760769341},
  note = {Doc. SC00029}
} % http://www.fipa.org/specs/fipa00029/

@Manual{CNETIterativeStandard,
  title = {{FIPA} Iterated Contract Net Interaction Protocol Specification},
  author = {FIPA TC Communication},
  organization = {{Foundation for Intelligent Physical Agents}},
  year = 2001,
  keywords = {fipa, manual},
  url = {http://www.fipa.org/specs/fipa00030/},
  note = {Doc. SC00030}
} % http://www.fipa.org/specs/fipa00030/
